%% This BibTeX bibliography file was created using BibDesk.
%% http://bibdesk.sourceforge.net/

%% Saved with string encoding Unicode (UTF-8) 


@article{Sayahi2018,
author = {Sayahi, T. and Butterfield, A. and Kelly, K.E.},
issn = {02697491},
journal = {Environ Pollut},
title = {{Long-term field evaluation of the Plantower PMS low-cost particulate matter sensors}},
year = {2018}
}

@article{Tang2017,
author = {Tang, Mengfan and Wu, Xiao and Agrawal, Pranav and Pongpaichet, Siripen and Jain, Ramesh},
isbn = {1520-9210 VO - 19},
issn = {15209210},
journal = {IEEE Transactions on Multimedia},
number = {2},
pages = {408-417},
title = {{Integration of Diverse Data Sources for Spatial PM2.5 Data Interpolation}},
volume = {19},
year = {2017}
}

@article{Carvalho2007,
author = {Carvalho, Jo{\~{a}}o Paulo and Tom{\'{e}}, Jos{\'{e}}},
issn = {01650114},
journal = {Fuzzy Sets and Systems},
number = {17},
pages = {1931--1946},
title = {{Qualitative optimization of Fuzzy Causal Rule Bases using Fuzzy Boolean Nets}},
volume = {158},
year = {2007}
}

@article{Sinha2017,
author = {Rashmi Sinha, Yiqiao Wei},
isbn = {2405-9595},
issn = {24059595},
journal = {ICT Express},
pages = {14--21},
publisher = {Elsevier Ltd},
title = {A survey on LPWA technology: LoRa and NB-IoT},
volume = {3},
year = {2017}
}

@misc{WHO2018,
author = {WHO},
title = {9 out of 10 people worldwide breathe polluted air, but more countries are taking action},
note  = {\url{https://www.who.int/news-room/detail/}, last accessed on August, 2019}
}

@article{Li2014,
author = {Li, Jin and Heap, Andrew D.},
doi = {10.1016/j.envsoft.2013.12.008},
issn = {13648152},
journal = {Environmental Modelling and Software},
pages = {173--189},
publisher = {Elsevier Ltd},
title = {{Spatial interpolation methods applied in the environmental sciences: A review}},
volume = {53},
year = {2014}
}

@article{Rahman2018,
author = {Rahman, Mahmudur and Rahman, Amatur and Hong, Hua-Jun and Pan, Li-Wen and {Sarwar Uddin}, Md Yusuf and Venkatasubramanian, Nalini and Hsu, Cheng-Hsin},
issn = {13837621},
journal = {Journal of Systems Architecture},
publisher = {Elsevier B.V.},
title = {{An adaptive IoT platform on budgeted 3G data plans}},
year = {2018}
}

@misc{WHO2018a,
author = {WHO},
title = {{More than 90{\%} of the world's children breathe toxic air every day}},
note  = {\url{https://www.who.int/news-room/detail/29-10-2018-more-than-90-of-the-world's-children-breathe-toxic-air-every-day}, last accessed on August, 2019}
}

@article{Castro2011,
author = {Castro, Ana C.Meira and {Paulo Carvalho}, Joao and Ribeiro, S.},
isbn = {0013-9351},
issn = {00139351},
number = {2},
pages = {199--204},
pmid = {20403588},
publisher = {Elsevier},
title = {{Prescribed burning impact on forest soil properties-A Fuzzy Boolean Nets approach}},
volume = {111},
year = {2011}
}

@article{Makowski,
author = {Makowski, Lukasz},
isbn = {978-1-5386-7895-4},
journal = {19th International Conference Computational Problems of Electrical Engineering},
pages = {1--4},
publisher = {IEEE},
year= {2018},
title = {{Mobile Sensor Network for Suspended Particulate Matter Measurements using Kriging Interpolation}}
}

@misc{Altice2018,
author = {Altice},
title = {{NarrowBand-IoT is the future and Altice Portugal are bringing it}},
note  = {\url{https://www.telecom.pt/en-us/media/noticias/Pages/2018/novembro/NarrowBand-IoT-.aspx}, last accessed on August, 2019}
}

@article{Ikpehai2018,
author = {Ikpehai, Augustine and Adebisi, Bamidele and Rabie, Khaled M and Anoh, Kelvin and Ande, Ruth E and Member, Graduate Student and Hammoudeh, Mohammad and Gacanin, Haris and Member, Senior and Mbanaso, Uche M},
issn = {2327-4662},
journal = {IEEE Internet of Things Journal},
publisher = {IEEE},
title = {{Low-Power Wide Area Network Technologies For Internet of Things : A Comparative Review}},
year = {2018}
}

@article{Li2008,
author = {Li, Jin},
isbn = {978 1 921498 30 5},
issn = {1448-2177},
journal = {Canberra: Geoscience Australia},
pmid = {24183889},
title = {{A review of spatial interpolation methods for environmental scientists}},
volume = {137},
year = {2008}
}

@article{Mekki2018,
author = {Mekki, Kais and Bajic, Eddy and Chaxel, Frederic and Meyer, Fernand},
isbn = {9781538632277},
issn = {24059595},
journal = {ICT Express},
publisher = {Elsevier B.V.},
title = {{A comparative study of LPWAN technologies for large-scale IoT deployment}},
year = {2018}
}

@article{Mishra2015,
author = {Mishra, Dhirendra and Goyal, P. and Upadhyay, Abhishek},
issn = {18732844},
journal = {Atmospheric Environment},
pages = {239--248},
publisher = {Elsevier Ltd},
title = {{Artificial intelligence based approach to forecast PM2.5 during haze episodes: A case study of Delhi, India}},
volume = {102},
year = {2015}
}

@article{Finnegan2018,
author = {Finnegan, Joseph and Brown, Stephen},
isbn = {9781538637791},
journal = {2018 International Symposium on Networks, Computers and Communications (ISNCC)},
pages = {1--6},
publisher = {IEEE},
title = {{An Analysis of the Energy Consumption of LPWA-based IoT Devices}},
year = {2018}
}

@misc{AQICN,
author = {AQICN},
title = {{Gaia Air Quality Monitors - Product Series}},
note  = {\url{https://aqicn.org/products/gaia/}, last accessed on August, 2019}
}

@article{Zanella2016,
author = {Centenaro, M and Zanella, A and Zorzi, M},
pages = {60--67},
journal = {IEEE Wireless Communications},
volume ={23},
title = {{Long-Range Communications in Unlicensed Bands : The Rising Stars in the IoT and Smart City scenarios}},
year = {2016}
}

@article{Liu2017,
author = {Liu, Di and Zhang, Qiang and Jiang, Jingkun and Chen, Da Ren},
isbn = {0021-8502},
issn = {18791964},
journal = {Journal of Aerosol Science},
pages = {1--10},
publisher = {Elsevier Ltd},
title = {{Performance calibration of low-cost and portable particular matter (PM) sensors}},
volume = {112},
year = {2017}
}

@article{Morin2017,
author = {Morin, {\'{E}}lodie and Maman, Mickael and Guizzetti, Roberto and Duda, Andrzej},
isbn = {2169-3536},
issn = {21693536},
journal = {IEEE Access},
pages = {7097--7117},
title = {{Comparison of the Device Lifetime in Wireless Networks for the Internet of Things}},
volume = {5},
year = {2017}
}

@article{Alimissis2018,
author = {Alimissis, A. and Philippopoulos, K. and Tzanis, C. G. and Deligiorgi, D.},
issn = {18732844},
journal = {Atmospheric Environment},
pages = {205--213},
publisher = {Elsevier Ltd},
title = {{Spatial estimation of urban air pollution with the use of artificial neural network models}},
volume = {191},
year = {2018}
}

@article{Quectel,
author = {Quectel},
title = {{BC95-G&BC68 AT Commands Manual}},
year = {2018}
}

@misc{SigFox2018,
author = {SigFox},
title = {{SigFox Coverage}},
note  = {\url{https://www.sigfox.com/en/coverage}, last accessed on August, 2019}
}

@article{Liu2015,
author = {Liu, Xudong and Wang, Qi},
isbn = {0959-6526},
issn = {09596526},
journal = {OncoTargets and Therapy},
pages = {2311},
publisher = {Elsevier Ltd},
title = {{Screening of feature genes in distinguishing different types of breast cancer using support vector machine}},
volume = {66},
year = {2015}
}

@book{Liberg2018,
author = {Liberg, Olof and Sundberg, M{\aa}rten and Wang, Y.-P. Eric and Bergman, Johan and Sachs, Joachim},
booktitle = {Cellular Internet of Things},
pages = {297--325},
bookchapter = {{NB-IoT Performance}},
year = {2018}
}

@article{Shete2016,
author = {Shete, Rohini and Agrawal, Sushma},
isbn = {9781509003969},
journal = {International Conference on Communication and Signal Processing, ICCSP 2016},
pages = {2008--2012},
title = {{IoT based urban climate monitoring using Raspberry Pi}},
year = {2016}
}

@article{Franceschi2018,
author = {Franceschi, Fabiana and Cobo, Martha and Figueredo, Manuel},
isbn = {1392-2785},
issn = {13091042},
journal = {Atmospheric Pollution Research},
number = {5},
pages = {912--922},
publisher = {Elsevier B.V.},
title = {{Discovering relationships and forecasting PM10 and PM2.5 concentrations in Bogot{\'{a}} Colombia, using Artificial Neural Networks, Principal Component Analysis, and k-means clustering}},
volume = {9},
year = {2018}
}

@book{LoRaAlliance2017,
author = {LoRaAlliance and {LoRa Alliance}},
journal = {LoRa Alliance},
number = {1.1},
pages = {101},
title = {{LoRaWAN 1.1 Specification}},
year = {2017}
}

@article{Song2017,
author = {Song, Yonghua and Lin, Jin and Tang, Ming and Dong, Shufeng},
isbn = {978-1-4503-5141-6},
issn = {20958099},
journal = {Engineering},
number = {4},
pages = {460--466},
publisher = {Elsevier LTD on behalf of Chinese Academy of Engineering and Higher Education Press Limited Company},
title = {{An Internet of Energy Things Based on Wireless LPWAN}},
volume = {3},
year = {2017}
}

@article{Mroue2018,
author = {Mroue et al., H.},
isbn = {9781538612545},
journal = {2018 IEEE Middle East and North Africa Communications Conference},
pages = {1--5},
title = {{MAC layer-based evaluation of IoT technologies: LoRa, SigFox and NB-IoT}},
year = {2018}
}

@article{Oteros2018,
author = {Oteros, Jose and Bergmann, Karl-Christian and Menzel, Annette and Damialis, Athanasios and Traidl-Hoffmann, Claudia and Schmidt-Weber, Carsten and Buters, Jeroen},
issn = {13522310},
journal = {Atmospheric Environment},
publisher = {Elsevier Ltd},
title = {{Spatial interpolation of current airborne pollen concentrations where no monitoring exists}},
year = {2018}
}

@misc{Yllasjarvi2018,
author = {Yll{\"{a}}sj{\"{a}}rvi, Ville},
title = {{Overview of Nb-IoT chipset vendor's offerings}},
note  = {\url{https://haltian.com/news/nb-iot-chipset-vendor-overview/}, last accessed on August, 2019}
}

@article{Feng2015,
author = {Feng, Xiao and Li, Qi and Zhu, Yajie and Hou, Junxiong and Jin, Lingyan and Wang, Jingjie},
isbn = {13522310},
issn = {18732844},
journal = {Atmospheric Environment},
pages = {118--128},
title = {{Artificial neural networks forecasting of PM2.5pollution using air mass trajectory based geographic model and wavelet transformation}},
volume = {107},
year = {2015}
}

@article{Tome,
author = {Tom{\'{e}}, Jose},
isbn = {078034863X},
pages = {1217--1222},
title = {{Neural Activation Ratio Based Fuzzy Reasoning}},
journal = {1998 IEEE International Conference on Fuzzy Systems Proceedings. IEEE World Congress on Computational Intelligence},
publisher = {IEEE},
year = {1998}
}

@book{Liberg2018a,
author = {Liberg, Olof and Sundberg, M{\aa}rten and Wang, Y.-P. Eric and Bergman, Johan and Sachs, Joachim},
booktitle = {Cellular Internet of Things},
isbn = {9780128124581},
pages = {217--296},
bookchapter = {{NB-IoT}},
year = {2018}
}

@article{Zhang2018,
author = {Zhang, Gongguo and Yao, Chaofei and Li, Xiaolin},
issn = {18770509},
journal = {Procedia Computer Science},
pages = {985--991},
publisher = {Elsevier B.V.},
title = {{Research on joint planning method of NB-IoT and LTE}},
volume = {131},
year = {2018}
}

@misc{U-blox,
author = {U-blox},
title = {{SARA-R4/N4 series Data Sheet}},
note  = {\url{https://www.u-blox.com/sites/default/files/SARA-R4-N4_DataSheet_{\%}28UBX-16024152{\%}29.pdf}, last accessed on August, 2019}
}

@article{Tang2016,
author = {{M. Tang , Pranav Agrawal , Feiping Nie , Siripen Pongpaichet, Ramesh Jain}},
title = {{A Graph Based Multimodal Geospatial Interpolation Framework}},
note  = {\url{https://www.thethingsnetwork.org/country/portugal/}, last accessed on August, 2019},
journal = {2016 IEEE International Conference on Multimedia and Expo (ICME)},
year = {2016}
}

@misc{WeatherUnderg2019,
author = {Weather Underground},
title = {Weather Underground},
note  = {\url{https://www.wunderground.com}, last accessed on August, 2019}
}

@misc{ThingsNetwork2019,
author = {The Things Network Portugal},
title = {The Things Network},
note  = {\url{https://www.thethingsnetwork.org/country/portugal/}, last accessed on August, 2019}
}

@article{Sinha2017a,
author = {Sinha, Rashmi Sharan and Wei, Yiqiao and Hwang, Seung Hoon},
isbn = {2405-9595},
issn = {24059595},
journal = {ICT Express},
number = {1},
pages = {14--21},
publisher = {Elsevier Ltd},
title = {{A survey on LPWA technology: LoRa and NB-IoT}},
volume = {3},
year = {2017}
}

@article{Talavera2017,
author = {Talavera, Jes{\'{u}}s Mart{\'{i}}n and Tob{\'{o}}n, Luis Eduardo and G{\'{o}}mez, Jairo Alejandro and Culman, Mar{\'{i}}a Alejandra and Aranda, Juan Manuel and Parra, Diana Teresa and Quiroz, Luis Alfredo and Hoyos, Adolfo and Garreta, Luis Ernesto},
issn = {01681699},
journal = {Computers and Electronics in Agriculture},
number = {118},
pages = {283--297},
title = {{Review of IoT applications in agro-industrial and environmental fields}},
volume = {142},
year = {2017}
}

@article{Ratasuk2016,
author = {Ratasuk, Rapeepat and Mangalvedhe, Nitin and Zhang, Yanji and Robert, Michel and Koskinen, Jussi Pekka},
isbn = {9781509038626},
journal = {2016 IEEE Conference on Standards for Communications and Networking, CSCN 2016},
title = {{Overview of narrowband IoT in LTE Rel-13}},
year = {2016}
}

@article{Nolan2016,
author = {Nolan, Keith E. and Guibene, Wael and Kelly, Mark Y.},
isbn = {9781509003044},
issn = {2376-6506},
journal = {2016 International Wireless Communications and Mobile Computing Conference, IWCMC 2016},
pages = {439--444},
title = {{An evaluation of low power wide area network technologies for the Internet of Things}},
year = {2016}
}

@article{Rahman2018a,
author = {Rahman, Mahmudur and Rahman, Amatur and Hong, Hua-Jun and Pan, Li-Wen and {Sarwar Uddin}, Md Yusuf and Venkatasubramanian, Nalini and Hsu, Cheng-Hsin},
issn = {13837621},
journal = {Journal of Systems Architecture},
number = {October},
publisher = {Elsevier B.V.},
title = {{An adaptive IoT platform on budgeted 3G data plans}},
year = {2018}
}

@article{Stein1994,
author = {Stein, A.},
isbn = {0471321826},
issn = {0006341X},
journal = {Biometrics},
number = {2},
pages = {592},
pmid = {21829965},
title = {{Spatial Interpolation}},
volume = {50},
year = {1994}
}

@misc{AgenciaPortuguesadoAmbiente2011,
author = {{Ag{\^{e}}ncia Portuguesa do Ambiente}, DCEA FCT/UNL},
title = {{Qualar - Base de Dados Online sobre a Qualidade do Ar - Esta{\c{c}}{\~{o}}es Activas}},
note  = {\url{www.qualar.org/index.php?page=4{\&}subpage=5{\&}x=111{\&}y=289}, last accessed on August, 2019}
}

@article{Carvalho2002,
author = {Carvalho, Jo{\~{a}}o Paulo},
isbn = {0780374614},
pages = {124--128},
journal = {2002 Annual Meeting of the North American Fuzzy Information Processing Society Proceedings},
title = {{Rule Capacity in Fuzzy Boolean Networks}},
year = {2002}
}

@article{Yang2017,
author = {Yang, Wenjie and Wang, Mao and Zhang, Jingjing and Zou, Jun and Hua, Min and Xia, TingTing and You, Xiaohu},
journal = {IEEE Wireless Communications},
pages = {2--9},
title = {{Narrowband Wireless Access for Low-Power Massive Internet of Things : A Bandwidth Perspective}},
year = {2017}
}

@article{Patil2017,
author = {Patil, Siddarama R},
isbn = {9781538632437},
journal = {2017 International Conference on Current Trends in Computer, Electrical, Electronics and Communication (CTCEEC)},
pages = {595--600},
publisher = {IEEE},
title = {{Smart Environmental Monitoring through Internet of Things (IoT) using RaspberryPi 3}},
year = {2017}
}

@article{Lauridsen2017,
author = {Lauridsen, Mads and Nguyen, Huan and Vejlgaard, Benny and Kovacs, Istvan Z. and Mogensen, Preben and Sorensen, Mads},
isbn = {9781509059324},
issn = {15502252},
journal = {IEEE Vehicular Technology Conference},
pages = {2--6},
pmid = {23561714},
title = {{Coverage Comparison of GPRS, NB-IoT, LoRa, and SigFox in a 7800 km Area}},
volume = {2017-June},
year = {2017}
}

@inproceedings{MohannadIbrahimAbdelghaforElgamriShariefBabiker2015,
address = {Sierre, Switzerland},
author = {{Mohannad Ibrahim, Abdelghafor Elgamri, Sharief Babiker}, Ahmed Mohamed},
isbn = {9781467368322},
issn = {00067660},
publisher = {2015 Fifth International Conference on Digital Information Processing and Communications (ICDIPC), IEEE},
title = {{Internet of Things based Smart Environmental Monitoring using the Raspberry-Pi Computer}},
year = {2015}
}

@article{Manikonda2016,
author = {Manikonda, Abhisek and Z{\'{i}}kov{\'{a}}, Nad{\v{e}}{\v{z}}da and Hopke, Philip K. and Ferro, Andrea R.},
isbn = {9780081005743},
issn = {18791964},
journal = {Journal of Aerosol Science},
pages = {29--40},
publisher = {Elsevier},
title = {{Laboratory assessment of low-cost PM monitors}},
volume = {102},
year = {2016}
}

@misc{Yong2016,
author = {Yong, Zhou and Haoxin, Zheng},
pages = {1--15},
title = {{PLANTOWER - Digital universal particle concentration sensor PMS7003}},
year = {2016}
}

@article{Balasubramaniyan2016,
author = {Balasubramaniyan, C. and Manivannan, D.},
issn = {09745645},
journal = {Indian Journal of Science and Technology},
number = {39},
title = {{IoT enabled Air Quality Monitoring System (AQMS) using Raspberry Pi}},
volume = {9},
year = {2016}
}

@book{Holler2014,
author = {Holler, Jan and Tsiatsis, Vlasios and Mulligan, Catherine and Avesand, Stefan and Karnouskos, Stamatis and Boyle, David},
isbn = {9780080994017},
title = {{From machine-to-machine to the internet of things introduction to a new age of intelligence}},
year = {2014}
}

@misc{EEA2018,
author = {EEA},
isbn = {9789292134068},
issn = {1725-9177},
number = {12},
pages = {1--64},
pmid = {8875828},
title = {{Air quality in Europe — 2018 report}},
year = {2018}
}

@article{Tome2014,
author = {Tom{\'{e}}, Jos{\'{e}} Alberto and Carvalho, Joao Paulo},
issn = {01650114},
journal = {Fuzzy Sets and Systems},
pages = {1--27},
publisher = {Elsevier B.V.},
title = {{Fuzzy Boolean Nets - A nature inspired model for learning and reasoning}},
volume = {253},
year = {2014}
}

@book{APA2008,
author = {APA},
pages = {100},
title = {{Evolu{\c{c}}{\~{a}}o da qualidade do ar em Portugal entre 2001 e 2005}},
year = {2008}
}

@article{Russo2014,
author = {Russo, Ana and Soares, Am{\'{i}}lcar O.},
isbn = {1874-8961
1874-8953},
issn = {18748953},
journal = {Mathematical Geosciences},
number = {1},
pages = {75--93},
title = {{Hybrid Model for Urban Air Pollution Forecasting: A Stochastic Spatio-Temporal Approach}},
volume = {46},
year = {2014}
}

@misc{GSMA2018,
author = {GSMA},
title = {{Air Quality Monitoring Using IoT and Big Data}},
note  = {\url{https://www.gsma.com/iot/wp-content/uploads/2018/02/iot_clean_air_02_18.pdf}, last accessed on August, 2019}
}

% --------------------------------------------------------------------------------
% SoA - 2nd Revision Update
% --------------------------------------------------------------------------------

@article{Zheng2018,
author = {Zheng et al., Tongshu},
issn = {18678548},
journal = {Atmospheric Measurement Techniques},
number = {8},
pages = {4823--4846},
title = {{Field evaluation of low-cost particulate matter sensors in high-and low-concentration environments}},
volume = {11},
year = {2018}
}

@phdthesis{Mesquita2009,
school = {Instituto Superior de Estatística e Gestão de Informação da Universidade Nova de Lisboa},
author = {Mesquita, Sandra Maria Pereira},
pages = {119},
title = {{Modela{\c{c}}{\~{a}}o da distribui{\c{c}}{\~{a}}o espacial da qualidade do ar em lisboa usando sistemas de informa{\c{c}}{\~{a}}o geogr{\'{a}}fica}},
year = {2009}
}

@phdthesis{Funenga2013,
school = {Instituto Superior Técnico},
author = {Funenga, F},
title = {{Public Information System about the Air Quality in Lisbon Electrical and Computer Engineering Examination Commitee}},
year = {2013}
}

@article{Zhang2012,
author = {Zhang, Yang and Bocquet, Marc and Mallet, Vivien and Seigneur, Christian and Baklanov, Alexander},
issn = {13522310},
journal = {Atmospheric Environment},
pages = {656--676},
publisher = {Elsevier Ltd},
title = {{Real-time air quality forecasting, part II: State of the science, current research needs, and future prospects}},
volume = {60},
year = {2012}
}

@article{Zhang2012a,
author = {Zhang, Yang and Bocquet, Marc and Mallet, Vivien and Seigneur, Christian and Baklanov, Alexander},
issn = {13522310},
journal = {Atmospheric Environment},
pages = {632--655},
publisher = {Elsevier Ltd},
title = {{Real-time air quality forecasting, part I: History, techniques, and current status}},
volume = {60},
year = {2012}
}

@article{Mohan2011,
author = {Mohan, Manju and Bhati, Shweta and Sreenivas, Archana and Marrapu, Pallavi},
issn = {16808584},
journal = {Aerosol and Air Quality Research},
number = {7},
pages = {883--894},
title = {{Performance evaluation of AERMOD and ADMS-Urban for total suspended particulate matter concentrations in Megacity Delhi}},
volume = {11},
year = {2011}
}

@article{Lee2013,
author = {Lee, Russell F and Drive, Merit},
title = {{Comparison of Features and Data Requirements among the CALPUFF, AERMOD, and ADMS Models}},
year = {2013}
}

@misc{Breezometer,
author = {Breezometer},
title = {{Lisbon, Portugal Current Air Quality Map and Air Pollution Forecast}},
note  = {\url{https://breezometer.com/air-quality-map/city/lisbon}, last accessed on August, 2019}
}

@misc{Breezometera,
author = {Breezometer},
title = {{Most Accurate Real Time Air Quality Data Reporting}},
note  = {\url{https://blog.breezometer.com/most-accurate-real-time-air-quality-data-reporting}, last accessed on August, 2019}
}

@misc{U.S.EnvironmentProtectionAgency,
author = {{U.S. Environment Protection Agency}},
title = {{AirNow Current AQI}},
note  = {\url{https://www.airnow.gov/}, last accessed on August, 2019}
}

@misc{EEA,
author = {EEA},
title = {{EEA Air Quality Index}},
note  = {\url{https://airindex.eea.europa.eu/}, last accessed on August, 2019}
}

@misc{DepartmentforEnvironment,
author = {Department for Environment Food and Rural Affairs},
title = {{Pollution forecast - Deffra, UK}},
note  = {\url{https://uk-air.defra.gov.uk/forecasting/}, last accessed on August, 2019}
}

@misc{QualAr,
author = {QualAr},
title = {{Mapa dos {\'{i}}ndices di{\'{a}}rios provis{\'{o}}rios (n{\~{a}}o validados)}},
note  = {\url{https://www.qualar1.apambiente.pt/qualar/}, last accessed on August, 2019}
}

@article{Wendt2019,
author = {Wendt, Eric A. and Quinn, Casey W. and Miller-Lionberg, Daniel D. and Tryner, Jessica and L{\&}apos;Orange, Christian and Ford, Bonne and Yalin, Azer P. and Pierce, Jeffrey R. and Jathar, Shantanu and Volckens, John},
journal = {Atmospheric Measurement Techniques Discussions},
number = {April},
pages = {1--18},
title = {{A low-cost monitor for measurement of fine particulate matter and aerosol optical depth. Part 1: Specifications and testing}},
volume = {30},
year = {2019}
}

@article{Zheng2019,
author = {Zheng, Tongshu and Bergin, Michael H. and Sutaria, Ronak and Tripathi, Sachchida N. and Caldow, Robert and Carlson, David E.},
journal = {Atmospheric Measurement Techniques Discussions},
number = {March},
pages = {1--28},
title = {{Gaussian Process regression model for dynamically calibrating a wireless low-cost particulate matter sensor network in Delhi}},
year = {2019}
}

@techreport{Farias2013,
author = {Farias, Tiago and Sousa, Lu{\'{i}}s and Dias, Jo{\~{a}}o and Ribeiro, Rel{\'{o}}gio},
pages = {1--39},
title = {{Proposta de cria{\c{c}}{\~{a}}o do Laborat{\'{o}}rio de Ve{\'{i}}culos e Sistemas de Propuls{\~{a}}o do Departamento de Engenharia Mec{\^{a}}nica}},
year = {2013}
}

@book{LaboratoriodeReferenciadoAmbiente2010,
author = {{Laborat{\'{o}}rio de Refer{\^{e}}ncia do Ambiente}},
title = {{Manual de M{\'{e}}todos e de Procedimentos Operativos das Redes de Monitoriza{\c{c}}{\~{a}}o da Qualidade do Ar - Amostragem e An{\'{a}}lise}},
year = {2010}
}

@phdthesis{Mosso2018,
school = {Instituto Superior de Agronomia},
author = {M{\^{o}}sso, Liliana},
title = {{Estudo de avalia{\c{c}}{\~{a}}o da simplifica{\c{c}}{\~{a}}o do m{\'{e}}todo de refer{\^{e}}ncia padr{\~{a}}o para a determina{\c{c}}{\~{a}}o das concentra{\c{c}}{\~{o}}es em massa das part{\'{i}}culas atmosf{\'{e}}ricas PM10 e PM2,5 nas redes p{\'{u}}blicas para o cumprimento da Diretiva Europeia 2008/50/CE}},
year = {2018}
}

@phdthesis{Carvalho2008,
school = {Instituto Superior Técnico},
author = {Carvalho, Vasco},
pages = {133},
title = {{Esta{\c{c}}{\~{a}}o M{\'{o}}vel para Medida da Qualidade do Ar}},
year = {2008}
}

@article{Amaral2015,
author = {Amaral, Simone Sim{\~{o}}es and de Carvalho, Jo{\~{a}}o Andrade and Costa, Maria Ang{\'{e}}lica Martins and Pinheiro, Cleverson},
issn = {20734433},
journal = {Atmosphere},
number = {9},
pages = {1327--1345},
title = {{An overview of particulate matter measurement instruments}},
volume = {6},
year = {2015}
}

@phdthesis{Quelhas2011,
school = {Instituto Superior Técnico},
author = {Quelhas, David},
title = {{Mobile Sensor Network for Air Quality Mapping}},
year = {2011}
}

@article{Ford2019,
author = {Ford, Bonne and Pierce, Jeffrey R. and Jathar, Shantanu and Long, Marilee and Wendt, Eric},
issn = {1867-8610},
journal = {Atmospheric Measurement Techniques Discussions},
month = {apr},
number = {April},
title = {{A low-cost monitor for measurement of fine particulate matter and aerosol optical depth. Part 2: Citizen science pilot campaign in northern Colorado}},
year = {2019}
}

@article{Kuula2019,
author = {Kuula et al., Joel},
issn = {16808584},
journal = {Aerosol and Air Quality Research},
number = {5},
pages = {1024--1039},
title = {{Applicability of Optical and Diffusion Charging-Based Particulate Matter Sensors to Urban Air Quality Measurements}},
volume = {19},
year = {2019}
}

@misc{AQ-SPEC,
author = {Air Quality Sensor Performance Evaluation Center},
title = {{Air Quality Egg 2018 Model}},
note  = {\url{http://www.aqmd.gov/aq-spec/product/air-quality-egg-2018-model}, last accessed on August, 2019}
}

@book{U-Blox2018,
author = {U-blox},
title = {{SARA-R4 / N4 series - AT Commands Manual}},
year = {2018}
}

@article{Deligiorgi2011,
author = {Deligiorgi, Despina and Philippopoulos, Kostas},
doi = {10.5772/17734},
journal = {Advanced Air Pollution},
title = {{Spatial Interpolation Methodologies in Urban Air Pollution Modeling: Application for the Greater Area of Metropolitan Athens, Greece}},
year = {2011}
}

@misc{PyKrige2019,
author = {PyKrige},
title = {PyKrige - PyPI},
note  = {\url{https://pypi.org/project/PyKrige/}, last accessed on October, 2019}
}

@misc{Mapbox2019,
author = {Mapbox},
title = {Mapbox},
note  = {\url{https://www.mapbox.com}, last accessed on October, 2019}
}

@misc{Amaral2019,
author = {B. Amaral},
title = {Master Thesis Software},
note  = {\url{https://github.com/bernardoamaral1011/MasterThesis.git}, 2019}
}

@misc{environnementSA,
author = {Environnement S.A.},
title = {MP101M – Continuous, Automatic PM10, PM2.5, PM1, TSP Particulate Monitor},
note  = {\url{http://www.environnement-sa.com/products-page/en/air-quality-monitoring-en/mp101m-continuous-automatic-pm10-pm2-5-pm1-tsp-particulate-monitor/}, last accessed on October, 2019}
}

@article{Li2018,
author = {Li, Xiang and Dallmann, Timothy R. and May, Andrew A. and Stanier, Charles O. and Grieshop, Andrew P. and Lipsky, Eric M. and Robinson, Allen L. and Presto, Albert A.},
doi = {10.1016/j.atmosenv.2018.07.052},
issn = {18732844},
journal = {Atmospheric Environment},
number = {June},
pages = {9--18},
publisher = {Elsevier},
title = {{Size distribution of vehicle emitted primary particles measured in a traffic tunnel}},
volume = {191},
year = {2018}
}
@article{Jayaratne2018,
author = {Jayaratne, Rohan and Liu, Xiaoting and Thai, Phong and Dunbabin, Matthew and Morawska, Lidia},
doi = {10.5194/amt-11-4883-2018},
issn = {18678548},
journal = {Atmospheric Measurement Techniques},
number = {8},
pages = {4883--4890},
title = {{The influence of humidity on the performance of a low-cost air particle mass sensor and the effect of atmospheric fog}},
volume = {11},
year = {2018}
}
